@article{David2013,
  title={Better GP benchmarks: community survey results and proposals},
  author={White, David R and McDermott, James and Castelli, Mauro and Manzoni, Luca and Goldman, Brian W and Kronberger, Gabriel and Ja{\'s}kowski, Wojciech and O’Reilly, Una-May and Luke, Sean},
  journal={Genetic Programming and Evolvable Machines},
  volume={14},
  pages={pp. 3-29 (2013)},
}

@misc{liberman2009,
  Author = {Mark Liberman},
  Institution = {University of Pennsylvania},
  Howpublished = {Simon Foundation},
  Year = {2009},
  Title = {Reproducible Computational Experiments}
  url = {https://pdfs.semanticscholar.org/presentation/b719/c67e53c008c68e8978c2e97643cf131bb61c.pdf},
}

@article{Donoho2017,
  year  = {2017},
  month = {oct},
  publisher = {Informa {UK} Limited},
  volume = {26},
  number = {4},
  pages = {745--766},
  author = {David Donoho},
  title = {50 Years of Data Science},
  journal = {Journal of Computational and Graphical Statistics}
}

@article{1997David,
title = {No Free Lunch Theorems for Optimization},
author = {David H. Wolpert and William G. Macready},
journal ={IEEE Transactions on Evolutionary Computation}, 
volume = {1},
pages = {pp.67-82 (1997)},
}
@article{1996Hic,
author = {Ray J. Hickey},
title = {Noise modelling and evaluating learning from examples},
journal ={Artificial Intelligence},
volume={8},
pages = {pp.157-179 (1996)},
}

@article{1999Carla,
author = {Carla E. Bro dley, Mark A. Friedl},
title = {Identifying Mislab eled Training Data},
journal={Journal of Artifcial Intelligence Research },
volume = {11},
pages = {pp.131-167 (1999)},
}
@article{2010Dav,
author = {David, Albert, Albert Fornells},
title = {A study of the effect of different types of noise on the precision of supervised learning techniques},
journal ={Artif Intell Rev}, 
volume = {33},
pages = {pp. 275–306 (2010)},
}
@article{2011_Nic,
author = {Nicoló Cesa-Bianchi},
title = {Online Learning of Noisy Data},
journal ={IEEE TRANSACTIONS ON INFORMATION THEORY}, OPTvolume = {57},
OPTpages = {pp. 7907–7931 (2011)},
}
@article{2014Fré,
author = {Benoît Frénay},
title = {Classification in the Presence of Label Noise: a Survey},
journal ={IEEE TRANSACTIONS ON NEURAL NETWORKS AND LEARNING SYSTEMS}, 
volume = {15},
pages = {pp.845–869 (2014)},
}
@article{Ni2013,
author = {Ji Ni, Russ H. Drieberg, and Peter I. Rockett},
title = {The Use of an Analytic Quotient Operator in Genetic Programming},
journal ={IEEE TRANSACTIONS ON EVOLUTIONARY COMPUTATION}, volume = {17},
pages = { pp. 146–152 (2013)},
}
@article{2014Uy,
author = {Nguyen quang Uy, Pham Tuan Anh, Nguyen Xuan Hoai, J.M. Dermott},
title = {Subtree Semantic Geometric Crossover for Genetic Programming, accepted for publication},
journal ={Journal of Genetic Programming and Evolvable Machines}, 
pages = {pp.x-xx? (2014)},
}
@article{1996David,
author = {David H. Wolpert},
title = {The Lack of A Priori Distinctions Between Learning Algorithms},
journal ={Neural Computation }, 
volume = {8},
pages = {pp. 1341-1390 (1996)},
}
@article{2011Nic,
  title={Online learning of noisy data},
  author={Cesa-Bianchi, Nicolo and Shalev-Shwartz, Shai and Shamir, Ohad},
  journal={Information Theory, IEEE Transactions on},
  volume={57},
  pages={pp. 7907-7931 (2011)},
}
@article{2005Vanneschi,
  title={A study of fitness distance correlation as a difficulty measure in genetic programming},
  author={Tomassini, Marco and Vanneschi, Leonardo and Collard, Philippe and Clergue, Manuel},
  journal={Evolutionary Computation},
  volume={13},
  pages={pp. 213-239(2005)},
}



% 1: journal
@article{ID,
author = {author},
title = {title},
journal ={}, 
volume = {volume},
pages = {pages(year)},
}


@inproceedings{John2003,
author = {John R Woodward},
title = {Evolving turing complete representations},
booktitle = {In Proc. CEC'03(2003)},
}
@inproceedings{2012James,
author = {James McDermott, David R. White†, Sean Luke},
title = {Genetic Programming Needs Better Benchmarks},
booktitle = {In Proc. GECCO'12(2012)},
}
@inproceedings{2010O'Neill,
author = {M. O’Neill, L. Vanneschi, S. Gustafson, and W. Banzhaf},
title = {Open Issues in Genetic Programming},
booktitle = {GPEM'10(2010)},
}
@inproceedings{2014John,
author = {John Woodward, Simon Martin, Jerry Swan},
title = {Benchmarks That Matter For Genetic Programming},
booktitle = {In Proc. GECCO’14(2014)},
}
@inproceedings{2002Stadle,
author = {Stadler, P. F},
title = {Fitness landscapes},
booktitle = {In Proc. Biological Evolution and Statistical Physics (2014)},
}

@inproceedings{2012Jam,
author = {James McDermott, David R.White, Sean Luke et al},
title = {Genetic programming needs better benchmarks},
booktitle = {In Proc. GECCO’12 (2012)},
}
@inproceedings{2007Daz,
author = {Daza, Acuna},
title = {An Algorithm for Detecting Noise on Supervised Classification},
booktitle = {In Proc. WCECS'07, (2007)},
}
@inproceedings{2006Gre,
author = {Gregor y J. Bar low, Choong K. Oh},
title = {Robustness Analysis of Genetic Programming Controllers for Unmanned Aerial Vehicles},
booktitle = {In Proc. GECCO’06, (2006)},
}
@inproceedings{2007Michael,
author = {Michael Schmidt, Hod Lipson},
title = {Learning Noise},
booktitle = {In Proc. GECCO’07, (2007)},
}
@inproceedings{1999Liu,
author = {Z. P. Liu, J. P. Castagna},
title = {Avoiding overfitting caused by noise  using a uniform training mode},
booktitle = {In Proc. on Neural Networks (1999)},
}
@inproceedings{Fit2013,
author = {Jeannie Fitzgerald,R.Muhammad Atif Azad and Conor Ryan},
title = {A Bootstrapping Approach to Reduce Over-fitting in Genetic Programming},
booktitle = {In Proc. GECCO’13 (2013)},
}
@inproceedings{2003Eli,
  title={Machine Learning Algorithms: A study on noise sensitivity},
  author={Kalapanidas, Elias and Avouris, Nikolaos and Craciun, Marian and Neagu, Daniel},
  booktitle={In Proc. 1st Balcan Conference in Informatics, (2003)},
}
@inproceedings{2012Loh,
  title={High-dimensional regression with noisy and missing data: Provable guarantees with non-convexity},
  author={Loh, Po-Ling and Wainwright, Martin J},
  booktitle={In Proc: Advances in Neural Information Processing Systems, (2011)},
 }
@thesis{ID,
author = {author},
title = {title},
type = {type},
institution = {institution},
date = {date},
OPTsubtitle = {subtitle},
OPTtitleaddon = {titleaddon},
OPTlanguage = {language},
OPTnote = {note},
OPTlocation = {location},
OPTmonth = {month},
OPTisbn = {isbn},
OPTchapter = {chapter},
OPTpages = {pages},
OPTpagetotal = {pagetotal},
OPTaddendum = {addendum},
OPTpubstate = {pubstate},
OPTdoi = {doi},
OPTeprint = {eprint},
OPTeprintclass = {eprintclass},
OPTeprinttype = {eprinttype},
OPTurl = {url},
OPTurldate = {urldate},
}

@thesis{2004Vanneschi,
author = {Vanneschi},
title = {L. Theory and Practice for Efficient Genetic Programming. PhD thesis, Faculty of Sciences, University of Lausanne, Switzerland (2004)},
}
@thesis{Hie2014,
author = {Hien-Thi Nguyen},
title = {A study of generalization in genetic programming, Specialized in Applied mathematics and computer science. Military technical academy, VietNam (2014)},
}


@inproceedings{2006Vanneschi,
author = {Vanneschi, L., Tomassini, M., Collard, P., and V´ erel, S},
title = {Negative slope coefficient. A measure to characterize genetic programming},
booktitle = {In Proc. the 9th European Conference on Genetic Programming (2006)},
}
@inproceedings{2005Gustafson,
author = {Gustafson, S., and Vanneschi, L},
title = {Operator-based distance for genetic programming: Subtree crossover distance},
booktitle = {In Proc. EuroGP'05 (2005)},
}
@inproceedings{2013Tuite,
author = {Clíodhna Tuite, Michael O’Neill, and Anthony Brabazon},
title = {Towards a Dynamic Benchmark for Genetic Programming},
booktitle = {In Proc. GECCO’13 (2013)},
}
@inproceedings{Thomas2015,
author = {Thomas Helmuth, Lee Spector},
title = {General Program Synthesis Benchmark Suite},
booktitle = {In Proc. GECCO ’15 (2015)},
}
@inproceedings{2015Mig,
author = {Miguel Nicolau and Alexandros Agapitos and Michael O’Neill and Anthony Brabazon},
title = {Guidelines for defining benchmark problems in Genetic Programming},
booktitle = {In Proc. CEC ’15 (2015)},
}
@inproceedings{2013Edgar,
author = {Edgar A. Due ´nez-Guzm ˜ an, Michael D. Vose},
title = {No Free Lunch and Benchmarks},
booktitle = {In Proc. Evolutionary Computation  (2013)},
}
@inproceedings{2010Vanneschi,
author = {Leonardo Vanneschi, Mauro Castelli, and Sara Silva},
title = {Measuring Bloat, Overfitting and Functional Complexity in Genetic Programming},
booktitle = {In Proc. GECCO'10  (2010)},
}
@inproceedings{Goncalves2012,
author = {Ivo Goncalves, Sara Silva, Joana B.Melo et al},
title = {Random sampling technique for overfitting control in genetic programming},
booktitle = {In Proc. EuroGP'12  (2012)},
}
@inproceedings{Goncalves2013,
author = {Ivo Goncaves and Sara Silva},
title = {Balancing learning and overfitting in genetic programming with interleaved sampling of training data},
booktitle = {In Proc. EuroGP'13  (2013)},
}
@inproceedings{Haeri2014,
author = {Maryam Amir Haeri, Mohammad Mehdi Ebadzadeh and Gianluigi Folino},
title = {Improving GP Generalization A aariance-based layered learning approach},
booktitle = {In Proc. EuroGP'13  (2013)},
}
@inproceedings{Hien2012,
author = {Nguyen Thi Hien, Nguyen Xuan Hoai Bob MacKay and Nguyen Quang Uy},
title = {Where should we stop - an investigation on early stopping for GP learning},
booktitle = {In Proc. SEAL'12  (2012)},
}
@inproceedings{Uy2010,
author = {Uy, Hien,  Hoai et al},
title = {Improving the generalization ability of genentic programming with semantic similarity based crossover},
booktitle = {In Proc. EuroGP'10  (2010)},
}
@inproceedings{2013Uy,
author = {Quang Uy Nguyen, Cong Doan Truong, Xuan Hoai Nguyen, Michael O'Neill},
title = {Guiding Function Set Selection in Genetic Programming based on Fitness Landscape Analysis},
booktitle = {In Proc. the 15th annual conference companion on Genetic and evolutionary computation (2013)},
}

@book{1992Koza,
  title={Genetic programming: on the programming of computers by means of natural selection},
  author={Koza, John R},
  volume={1},
  year={1992},
  publisher={MIT press}
}
@book{2008Poli,
  title={A field guide to genetic programming},
  author={Poli, Riccardo and Langdon, William B and McPhee, Nicholas F and Koza, John R},
  year={2008},
  publisher={Lulu. com}
}
@book{1932Wri,
  title={The roles of mutation, inbreeding, crossbreeding, and selection in evolution},
  author={Wright, Sewall},
  volume={1},
  year={1932},
  publisher={na}
}

@book{1996Mitchell,
author = {Mitchell, T},
title = {Machine Learning},
year = {1996},
publisher = {McGraw Hill},
}
@article{2008Trevor,
  title={The elements of statistical learning: data mining, inference and prediction},
  author={Hastie, Trevor and Tibshirani, Robert and Friedman, Jerome and Franklin, James},
  journal={The Mathematical Intelligencer},
  volume={27},
  number={2},
  pages={83--85},
  year={2005},
  publisher={Springer}
}
@techreport{Marcel,
  title={Measuring overfitting and mispecification in nonlinear models},
  author={Bilger, Marcel and Manning, Willard G and others},
  year={2011},
  institution={HEDG, c/o Department of Economics, University of York}
}
@book{1994Mark,
  title={On reinforcement learning of control actions in noisy and non-Markovian domains},
  author={Pendrith, Mark D and Sammut, C},
  year={1994},
  publisher={Citeseer}
}


@INPROCEEDINGS{Nicolau2015, 
author={M. Nicolau and A. Agapitos and M. O'Neill and A. Brabazon}, 
booktitle={2015 IEEE Congress on Evolutionary Computation (CEC)}, 
title={Guidelines for defining benchmark problems in Genetic Programming}, 
year={2015}, 
volume={}, 
number={}, 
pages={1152-1159}, 
keywords={design;genetic algorithms;regression analysis;benchmark design;genetic programming;guideline;symbolic regression;Benchmark testing;Genetic programming;Linear regression;Noise;Noise measurement;Standards;Training}, 
ISSN={1089-778X}, 
month={May},}


% bat dau bo sung them cac tai lieu moi
@article{lu2018genetic,
  title={Genetic programming for energy-efficient and energy-scalable approximate feature computation in embedded inference systems},
  author={Lu, Jie and Jia, Hongyang and Verma, Naveen and Jha, Niraj K},
  journal={IEEE Transactions on Computers},
  volume={67},
  number={2},
  pages={222--236},
  year={2018},
  publisher={IEEE}
}

@article{kurtoglu2017fiber,
  title={Fiber reinforced concrete corbels: Modeling shear strength via symbolic regression},
  author={Kurtoglu, Ahmet E and Gulsan, Mehmet E and Abdi, Hussein A and Kamil, Mohammed A and Cevik, Abdulkadir},
  journal={COMPUTERS AND CONCRETE},
  volume={20},
  number={1},
  pages={65--75},
  year={2017},
  publisher={TECHNO-PRESS PO BOX 33, YUSEONG, DAEJEON 305-600, SOUTH KOREA}
}

@article{la2018multidimensional,
  title={Multidimensional genetic programming for multiclass classification},
  author={La Cava, William and Silva, Sara and Danai, Kourosh and Spector, Lee and Vanneschi, Leonardo and Moore, Jason H},
  journal={Swarm and Evolutionary Computation},
  year={2018},
  publisher={Elsevier}
}

@article{haeri2017statistical,
  title={Statistical genetic programming for symbolic regression},
  author={Haeri, Maryam Amir and Ebadzadeh, Mohammad Mehdi and Folino, Gianluigi},
  journal={Applied Soft Computing},
  volume={60},
  pages={447--469},
  year={2017},
  publisher={Elsevier}
}

@article{silva2017semi,
  title={A semi-supervised Genetic Programming method for dealing with noisy labels and hidden overfitting},
  author={Silva, Sara and Vanneschi, Leonardo and Cabral, Ana IR and Vasconcelos, Maria J},
  journal={Swarm and Evolutionary Computation},
  year={2017},
  publisher={Elsevier}
}

@phdthesis{gonccalves2017exploration,
  title={An Exploration of Generalization and Overfitting in Genetic Programming: Standard and Geometric Semantic Approaches},
  author={Gon{\c{c}}alves, Ivo Carlos Pereira},
  year={2017},
  school={Universidade de Coimbra}
}

@article{orzechowski2018we,
  title={Where are we now? A large benchmark study of recent symbolic regression methods},
  author={Orzechowski, Patryk and La Cava, William and Moore, Jason H},
  journal={arXiv preprint arXiv:1804.09331},
  year={2018}
}

@inproceedings{miranda2017noisy,
  title={How noisy data affects geometric semantic genetic programming},
  author={Miranda, Luis F and Oliveira, Luiz Otavio VB and Martins, Joao Francisco and Pappa, Gisele L},
  booktitle={Proceedings of the Genetic and Evolutionary Computation Conference},
  pages={985--992},
  year={2017},
  organization={ACM}
}

@article{copas1983regression,
  title={Regression, prediction and shrinkage},
  author={Copas, John B},
  journal={Journal of the Royal Statistical Society. Series B (Methodological)},
  pages={311--354},
  year={1983},
  publisher={JSTOR}
}

@article{bilger2015measuring,
  title={Measuring overfitting in nonlinear models: a new method and an application to health expenditures},
  author={Bilger, Marcel and Manning, Willard G},
  journal={Health economics},
  volume={24},
  number={1},
  pages={75--85},
  year={2015},
  publisher={Wiley Online Library}
}


